@inproceedings{bao2023all,
	title={All are worth words: A vit backbone for diffusion models},
	author={Bao, Fan and Nie, Shen and Xue, Kaiwen and Cao, Yue and Li, Chongxuan and Su, Hang and Zhu, Jun},
	booktitle={Proceedings of the IEEE/CVF Conference on Computer Vision and Pattern Recognition},
	pages={22669--22679},
	year={2023}
}



@inproceedings{peebles2023scalable,
	title={Scalable diffusion models with transformers},
	author={Peebles, William and Xie, Saining},
	booktitle={Proceedings of the IEEE/CVF International Conference on Computer Vision},
	pages={4195--4205},
	year={2023}
}




@article{ho2020denoising,
	title={Denoising diffusion probabilistic models},
	author={Ho, Jonathan and Jain, Ajay and Abbeel, Pieter},
	journal={Advances in neural information processing systems},
	volume={33},
	pages={6840--6851},
	year={2020}
}



@inproceedings{sohl2015deep,
	title={Deep unsupervised learning using nonequilibrium thermodynamics},
	author={Sohl-Dickstein, Jascha and Weiss, Eric and Maheswaranathan, Niru and Ganguli, Surya},
	booktitle={International conference on machine learning},
	pages={2256--2265},
	year={2015},
	organization={PMLR}
}











































%%%%%%%%%%%%%%%%%%%%%%%%%%%%%%%%% delete %%%%%%%%%%%%%%%%%%%%%%%%%%%%%%%%%%%%%%%
@article{article1 ,
	author = {Yibo Lin and Shounak Dhar and Wuxi Li and Haoxing Ren and Brucek Khailany and David Z. Pan},
	title = {DREAMPlace: Deep Learning Toolkit-Enabled GPU Acceleration for Modern VLSI Placement},
	journal = {Proceedings of the 56th Annual Design Automation Conference},
	volume = {},
	year = {2019},
	number = {117},
	pages = {1 - 6}
}




@article{article2 ,
	author = {Jing Mai and Jiarui Wang and Zhixiong Di and Guojie Luo and Yun Liang and Yibo Lin},
	title = {OpenPARF: An Open-Source Placement and Routing Framework for Large-Scale Heterogeneous FPGAs with Deep Learning Toolkit},
	journal = {IEEE 15th International Conference on ASIC (ASICON)},
	volume = {},
	year = {2023},
	number = {},
	pages = {}
}


@article{article3 ,
	author = {T. Lin and C. Chu and G. Wu},
	title = {Polar 3.0: An ultrafast global placement engine},
	journal = {IEEE},
	volume = {},
	year = {2015},
	number = {},
	pages = {520 - 527}
}

@article{article4 ,
	author = {A. Ludwin and V. Betz and K. Padalia},
	title = {High-quality, deterministic parallel placement for fpgas on commodity hardware},
	journal = {ACM},
	volume = {},
	year = {2008},
	number = {},
	pages = {14 - 23}
}

@article{article5 ,
	author = {W. Li and M. Li and J. Wang and and D. Z. Pan},
	title = {UTPlaceF 3.0: A parallelization framework for modern FPGA global placement},
	journal = {ACM},
	volume = {},
	year = {2017},
	number = {},
	pages = {922 - 928}
}

@article{article6 ,
	author = {J. Cong and Y. Zou},
	title = {Parallel multi-level analytical global placement on graphics processing units},
	journal = {ACM},
	volume = {},
	year = {2009},
	number = {},
	pages = {681 - 688}
}

@article{article7 ,
	author = {C.X. Lin and M. D. Wong},
	title = {Accelerate analytical placement with gpu: A generic approach},
	journal = {IEEE},
	volume = {},
	year = {2018},
	number = {},
	pages = {1345 - 1350}
}

@article{article8 ,
	author = {C.X. Lin and M. D. Wong},
	title = {Ntuplace3: An analytical placer for large-scale mixed-size designs with preplaced blocks and density constraints},
	journal = {IEEE TCAD},
	volume = {27},
	year = {2008},
	number = {7},
	pages = {1228 - 1240}
}

@article{article9 ,
	author = {K. E. Murray and S. Whitty and S. Liu and J. Luu and and V. Betz},
	title = {Timing-Driven Titan: Enabling Large Benchmarks and Exploring the Gap between Academic and Commercial CAD},
	journal = {ACM TRETS},
	volume = {},
	year = {2015},
	number = {},
	pages = {1 - 18}
}

@article{article10 ,
	author = {S. Yang and C. Mulpuri and S. Reddy and M. Kalase and S. Dasasathyan and M. E. Dehkordi and M. Tom and and R. Aggarwal,},
	title = {Clock-aware FPGA placement contest},
	journal = {ISPD},
	volume = {},
	year = {2017},
	number = {},
	pages = {159 - 164}
}










